@misc{noaa:2021,
    author = {{NOAA Fisheries}},
    title = {Pot/Trap Fisheries Regulations to Help Save North Atlantic Right Whales Announced},
    year = {2021},
    url = {https://www.fisheries.noaa.gov/feature-story/pot-trap-fisheries-regulations-help-save-north-atlantic-right-whales-announced}
}

@misc{whalefacts:2015,
    author = {{Whale Facts}},
    title = {North Atlantic Right Whale},
    year = {2015},
    url = {https://www.whalefacts.org/north-atlantic-right-whale-facts}
}

@misc{sapir:2021,
    author = {Moran Sapir},
    title = {Why are whales important to our ecosystem?},
    publisher = {Scientific Feed},
    year = {2021},
    url = {https://admin.scientificfeed.com/nature/whales-important-ecosystem/}
}

@proceedings{congress:1981,
    publisher = {{United States Congress Subcommittee on Fisheries and Wildlife Conservation and the Environment of the Committee on Merchant Marine and Fisheries}},
    title = {On Marine Mammal Protection Act Authorization - H.R. 2948},
    year = {1981}
}

@proceedings{congress:1981_2,
    publisher = {United States Congress Subcommittee on Fisheries and Wildlife Conservation and the Environment of the Committee on Merchant Marine and Fisheries},
    title = {Marine Mammal Protection Act Improvement - H.R. 4084},
    year = {1981}
}

@misc{noaa:2021_2,
    author = {NOAA},
    title = {Atlantic Large Whale Take Reduction Plan},
    year = {2021},
    url = {https://www.fisheries.noaa.gov/new-england-mid-atlantic/marine-mammal-protection/atlantic-large-whale-take-reduction-plan}
}